@article{ctt_website,

title={Cellular Tracking Technologies},
volume={https://celltracktech.com/ \textit{(Accessed: June 25th, 2021)}} 


} 